@article{Agafonova2013,
  author="{N. Yu. Agafonova, A. S. Malgin}",
  title="{Universal formula for the muon-induced neutron yield}",
  journal={arXiv:1304.0919},
  year={2013}
}

@misc{Aglietta1989,
  author="{M. Aglietta et al.}",
  title="{Neutron flux generated by cosmic-ray muons at 5200 hg/cm$^2$ s.r. underground. Depth - neutron intensity curve}",
  howpublished="{\textit{Nuovo Cimento C}, \textbf{12}, 467}",
  year={1989}
}

@misc{Araujo2005,
  author="{H. M. Araujo et al.}",
  title="{Muon-induced neutron production and detection with GEANT4 and FLUKA}",
  howpublished="{\textit{Nucl. Instrum. Meth. A}, \textbf{545}, 398}",
  year={2005}
}

@Article{Bahcall2003,
author = "{J. Bahcall}",
title = "{Solar Models: An Historical Overview}",
journal = "{Nuclear Physics B (Proc. Suppl.)}",
year = "{\textbf{118}, 77-86, 2003}"
}

@Article{Beriguete2014,
author = "{W. Beriguete et al.}",
title = "{Production of Gadolinium-loaded Liquid Scintillator for the Daya Bay Reactor Neutrino Experiment}",
journal = "arXiv:1402.6694",
year = "2014"
}

@Article{Beringer2012,
author = "{J. Beringer et al. (PDG)}",
title = "{Cosmic Rays}",
journal = "Phys. Rev. D",
year = "\textbf{86}, 010001, 2012"
}

@misc{Bezrukov1973,
  author="{L. B. Bezrukov et al.}",
  title="{Investigation of depth intensity curve of nuclear events induced by muons}",
  howpublished="{\textit{Sov. J. Nucl. Phys.}, \textbf{17}, 51}",
  year={1973}
}

@Book{Bortignon1998,
author = "{P. F. Bortignon, A. Bracco, and R. A. Broglia}",
title = "{Giant Resonances : Nuclear Structure at Finite Temperature}",
publisher = "{CRC Press}",
year = {1998}
}

@Article{Bowden2012,
author = "{N. S. Bowden, M. Sweany, S. Dazeley}",
title = "{A Note on Neutron Capture Correlation Signals, Backgrounds, and Efficiencies}",
journal = "{arXiv:1202.0512}",
year = "2012"
}

@Article{Carithers1975,
author = "{W. C. Carithers et al.}",
title = "{Measurement of the Phase of the CP-Nonconservation Parameter $\eta_{+-}$ and the $K_S$ Total Decay Rate}",
journal = "{Phys. Rev. Lett.}",
year = "\textbf{34}, 1244, 1975"
}

@Article{Cowan1956,
author = "{C. L. Cowan Jr., F. Reines, F. B. Harrison, H. W. Kruse, A. D. McGuire}",
title = "{Detection of the Free Neutrino: a Confirmation}",
journal = "{Science}",
year = "\textbf{124} (3212): 103â€“4, 1956"
}

@Article{Danby1962,
author = "{G. Danby, J-M. Gaillard, K. Goulianos, L. M. Lederman, N. Mistry, M. Schwartz, and J. Steinberger}",
title = "{Observation of High-Energy Neutrino Reactions and the Existence of Two Kinds of Neutrinos}",
journal = "Phys. Rev. Lett.",
year = "\textbf{9}, 36, 1962"
}

@Book{Das2003,
author = "{A. Das and T. Ferbel}",
title = "{Introduction to Nuclear and Particle Physics}",
publisher = "{World Scientific Poblishing Co. Pte. Ltd.}",
year = {2003}
}

@misc{dayabay2012_1,
  author="{F. P. An et al. (Daya Bay Collaboration)}",
  title="{Observation of Electron-Antineutrino Disappearance at Daya Bay}",
  howpublished={\href{http://journals.aps.org/prl/abstract/10.1103/PhysRevLett.108.171803}{\textit{Phys. Rev. Lett.}, \textbf{108}, 171803}},
  year={2012}
}

@misc{dayabay2012_2,
  author="{F. P. An et al. (Daya Bay Collaboration)}",
  title="{A side-by-side comparison of Daya Bay antineutrino detectors}",
  howpublished={\href{http://www.sciencedirect.com/science/article/pii/S016890021200530X}{\textit{Nucl. Instr. and Meth. A}, \textbf{685}, 78}},
  year={2012}
}

@misc{dayabay2013,
  author="{F. P. An et al. (Daya Bay Collaboration)}",
  title="{Improved Measurement of Electron Antineutrino Disappearance at Daya Bay}",
  howpublished="{\textit{Chinese Phys. C}, \textbf{37}, 011001}",
  year={2013}
}

@misc{dayabay2014,
  author="{F. P. An et al. (Daya Bay Collaboration)}",
  title="{The Muon System of the Daya Bay Reactor Antineutrino Experiment}",
  howpublished="{\href{http://arxiv.org/abs/1407.0275}{\textit{arXiv:1407.0275}}}",
  year={2014}
}

@article{dayabay_proposal,
  author="{(Daya Bay Collaboration)}",
  title="{Daya Bay Proposal}",
  journal="{\href{http://arxiv.org/abs/hep-ex/0701029}{arXiv:hep-ex/0701029}}",
  year={2007}
}

@Article{Delorme1995,
author = "{Jean Delorme and Magda Ericson}",
title = "{Pion and neutron production by cosmic-ray muons underground}",
journal = "Phys. Rev. C",
year = "\textbf{52}, 2222, 1995"
}

@MISC{docdb2696,
    AUTHOR="{Simon Patton}",
    TITLE="{SPADE - An Introduction}",
    howpublished={\href{http://dayabay.ihep.ac.cn/cgi-bin/DocDB/ShowDocument?docid=2696}{DocDB-2696}},
    note={\\http://dayabay.ihep.ac.cn/cgi-bin/DocDB/ShowDocument?docid=2696}
}

@MISC{docdb6615,
    AUTHOR="{Minfang Yeh}",
    TITLE="{Property of Daya Bay ADs 1-6 Liquids (Gd-LS, LS and MO)}",
    howpublished={\href{http://dayabay.ihep.ac.cn/cgi-bin/DocDB/ShowDocument?docid=6615}{DocDB-6615}},
    note={\\http://dayabay.ihep.ac.cn/cgi-bin/DocDB/ShowDocument?docid=6615}
}

@MISC{docdb6759,
    AUTHOR="{Jiajie Ling and Haoqi Lu}",
    TITLE="{Muon Tagging}",
    howpublished={\href{http://dayabay.ihep.ac.cn/cgi-bin/DocDB/ShowDocument?docid=6759}{DocDB-6759}},
    note={\\http://dayabay.ihep.ac.cn/cgi-bin/DocDB/ShowDocument?docid=6759}
}

@misc{docdb7273,
    AUTHOR="{Gaosong Li and Jianglai Liu}",
    TITLE="{Absolute H-Gd Ratio Study with Spallation and AmC Neutrons}",
    howpublished={\href{http://dayabay.ihep.ac.cn/cgi-bin/DocDB/ShowDocument?docid=7273}{DocDB-7273}},
    note={\\http://dayabay.ihep.ac.cn/cgi-bin/DocDB/ShowDocument?docid=7273}
}

@misc{docdb7299,
    AUTHOR="{Xin Qian and Chao Zhang}",
    TITLE="{Understanding the Gd Neutron Capture Timing Spectrum}",
    howpublished={DocDB-7299},
    note={\href{http://dayabay.ihep.ac.cn/cgi-bin/DocDB/ShowDocument?docid=7299}{\\http://dayabay.ihep.ac.cn/cgi-bin/DocDB/ShowDocument?docid=7299}}
}

@misc{docdb7334,
    AUTHOR="{Cheng-ju Lin, Yasuhiro Nakajima, J. Pedro Ochoa and Patrick Tsang}",
    TITLE="{The AdSimple Reconstruction}",
    howpublished={\href{http://dayabay.ihep.ac.cn/cgi-bin/DocDB/ShowDocument?docid=7334}{DocDB-7334}},
    note={\\http://dayabay.ihep.ac.cn/cgi-bin/DocDB/ShowDocument?docid=7334}
}

@misc{docdb7524,
    AUTHOR="{Bryce Littlejohn}",
    TITLE="{Absolute Neutron Capture Ratios}",
    howpublished={\href{http://dayabay.ihep.ac.cn/cgi-bin/DocDB/ShowDocument?docid=7524}{DocDB-7524}},
    note={\\http://dayabay.ihep.ac.cn/cgi-bin/DocDB/ShowDocument?docid=7524}
}

@misc{docdb7525,
    AUTHOR="{Fenfang Wu and Xin Qian}",
    TITLE="{H-Gd Ratio with Spallation Neutron and AmC Source}",
    howpublished={\href{http://dayabay.ihep.ac.cn/cgi-bin/DocDB/ShowDocument?docid=7525}{DocDB-7525}},
    note={\\http://dayabay.ihep.ac.cn/cgi-bin/DocDB/ShowDocument?docid=7525}
}

@misc{docdb7610,
    AUTHOR="{Liang Zhan}",
    TITLE="{Determine Theta13 Using Chisquare fit (Tech Note)}",
    howpublished={\href{http://dayabay.ihep.ac.cn/cgi-bin/DocDB/ShowDocument?docid=7610}{DocDB-7610}},
    note={\\http://dayabay.ihep.ac.cn/cgi-bin/DocDB/ShowDocument?docid=7610}
}

@misc{docdb7696,
    AUTHOR="{Yue Meng}",
    TITLE="{WP PMT \& timing Calibration}",
    howpublished={\href{http://dayabay.ihep.ac.cn/cgi-bin/DocDB/ShowDocument?docid=7696}{DocDB-7696}},
    note={\\http://dayabay.ihep.ac.cn/cgi-bin/DocDB/ShowDocument?docid=7696}
}

@misc{docdb7730,
    AUTHOR="{Guofu Cao}",
    TITLE="{A Cross Check for H/Gd Ratio}",
    howpublished={\href{http://dayabay.ihep.ac.cn/cgi-bin/DocDB/ShowDocument?docid=7730}{DocDB-7730}},
    note={\\http://dayabay.ihep.ac.cn/cgi-bin/DocDB/ShowDocument?docid=7730}
}

@misc{docdb7838,
    AUTHOR="{Lingyu Wang}",
    TITLE="{Muon Track Reconstruction}",
    howpublished={\href{http://dayabay.ihep.ac.cn/cgi-bin/DocDB/ShowDocument?docid=7838}{DocDB-7838}},
    note={\\http://dayabay.ihep.ac.cn/cgi-bin/DocDB/ShowDocument?docid=7838}
}

@misc{docdb8280,
    AUTHOR="{Jiajie Ling and Xin Qian}",
    TITLE="{PuC special ACU long run study}",
    howpublished={\href{http://dayabay.ihep.ac.cn/cgi-bin/DocDB/ShowDocument?docid=8280}{DocDB-8280}},
    note={\\http://dayabay.ihep.ac.cn/cgi-bin/DocDB/ShowDocument?docid=8280}
}

@misc{docdb8473,
    AUTHOR="{Masheng Yang}",
    TITLE="{Neutron capture ratio on Gd}",
    howpublished={\href{http://dayabay.ihep.ac.cn/cgi-bin/DocDB/ShowDocument?docid=8473}{DocDB-8473}},
    note={\\http://dayabay.ihep.ac.cn/cgi-bin/DocDB/ShowDocument?docid=8473}
}

@misc{docdb8501,
    AUTHOR="{Gaosong Li, Jianglai Liu}",
    TITLE="{H/Gd Ratio From Special ACU Runs}",
    howpublished={\href{http://dayabay.ihep.ac.cn/cgi-bin/DocDB/ShowDocument?docid=8501}{DocDB-8501}},
    note={\\http://dayabay.ihep.ac.cn/cgi-bin/DocDB/ShowDocument?docid=8501}
}

@misc{docdb9226,
    AUTHOR="{Zeyuan Yu}",
    TITLE="{Summary and perspective of Gd capture ratio}",
    howpublished={\href{http://dayabay.ihep.ac.cn/cgi-bin/DocDB/ShowDocument?docid=9226}{DocDB-9226}},
    note={\\http://dayabay.ihep.ac.cn/cgi-bin/DocDB/ShowDocument?docid=9226}
}

@misc{docdb9273,
    AUTHOR="{Gaosong Li}",
    TITLE="{Constrain Center Gd Capture Ratio with Special ACU Data}",
    howpublished={\href{http://dayabay.ihep.ac.cn/cgi-bin/DocDB/ShowDocument?docid=9273}{DocDB-9273}},
    note={\\http://dayabay.ihep.ac.cn/cgi-bin/DocDB/ShowDocument?docid=9273}
}

@Article{Donut2001,
author = "{DONUT Collaboration}",
title = "{Observation of tau neutrino interactions}",
journal = "Phys. Lett. B",
year = "\textbf{504} (3): 218, 2001"
}

@misc{DuPont,
  howpublished="{DuPont\texttrademark \, Tyvek\textregistered}",
  note="\href{http://www2.dupont.com/Tyvek/en_US/}{http://www2.dupont.com/Tyvek}"
}

@Article{dyb2012_01,
author = "{Daya Bay Collaboration}",
title = "{Observation of Electron-Antineutrino Disappearance at Daya Bay}",
journal = "PRL 108, 171803",
year = "2012"
}

@Book{dybtdr,
author = "{Daya Bay Collaboration}",
title = {Daya Bay Project Technical {D}esign {R}eport (v2)},
publisher = "{Daya Bay Collaboration}",
year = {2008}
}

@Article{Empl2014,
author = "{A. Empl, E. V. Hungerford, R. Jasim, P. Mosteiro}",
title = "{A Fluka Study of Underground Cosmogenic Neutron Production}",
journal = "{\href{http://arxiv.org/abs/1406.6081}{arXiv:1406.6081}}",
year = "2014"
}

@misc{Enikeev1987,
  author="{R. I. Enikeev et al.}",
  title="{Underground Hadrons Generated by Cosmic Ray Muons}",
  howpublished={\textit{Sov. J. Nucl. Phys.}, \textbf{46}, 1492},
  year={1987}
}

@Article{Formaggio2004,
author = "{J. A. Formaggio and C. J. Martoff}",
title = "{BACKGROUNDS TO SENSITIVE EXPERIMENTS UNDERGROUND}",
journal = "Annu. Rev. Nucl. Part. Sci.",
year = "\textbf{54}:361â€“412, 2004"
}

@Article{Fukuda1998,
author = "{Y. Fukuda et al.}",
title = "{Evidence for oscillation of atmospheric neutrinos}",
journal = "Phys. Rev. Lett.",
year = "\textbf{81}, (8): 1562â€“1567, 1998"
}

@misc{gaudi,
	title = "{The Gaudi Project}",
  howpublished={\href{http://proj-gaudi.web.cern.ch/proj-gaudi/}{http://proj-gaudi.web.cern.ch/proj-gaudi/}}
}

@Article{Gong2011,
author = "{H. Gong et al.}",
title = "{Design of the Local Trigger Board for the Daya Bay Reactor Neutrino Experiment}",
journal = "Nucl. Instrum. Meth. A",
year = "\textbf{637}, 138, 2011"
}

@misc{Gorshkov1971,
  author="{G. V. Gorshkov, V. A. Zyabkin, and R. M. Yakovlev}",
  howpublished={Sov. J. Nucl. Phys. \textbf{13}, 450},
  year={1971}
}

@article{Gribov1969,
	author = "{V. Gribov, B. Pontecorvo}",
	title="{Neutrino astronomy and lepton charge}",
  journal={Phys. Lett. B},
  year={\textbf{28} (7): 493â€“496, 1969}
}

@misc{Hamamatsu,
  author="{Hamamatsu}",
  title="{Large Photocathode Area Photomultiplier Tubes}",
  howpublished={\href{http://www.hamamatsu.com/resources/pdf/etd/LARGE_AREA_PMT_TPMH1286E05.pdf}{R5912-02 Datasheet}},
  note="{\small\\http://www.hamamatsu.com/resources/pdf/etd/LARGE\textunderscore AREA\textunderscore PMT\textunderscore TPMH1286E05.pdf\normalsize}"
}

@Article{Han2008,
author = "{Ji-Feng Han et al.}",
title = "{Test of BESIII RPC in the avalanche mode}",
journal = "Chinese Phys. C",
year = "\textbf{32}, 373, 2008"
}

@misc{IAEALib,
  howpublished={IAEA Photonuclear Data Library},
  note="{\href{https://www-nds.iaea.org/photonuclear/}{https://www-nds.iaea.org/photonuclear}}"
}

@Article{KamLAND_01,
author = "{S. Abe et al. (KamLAND Collaboration)}",
title = "{Production of radioactive isotopes through cosmic muon spallation in KamLAND}",
journal = "Phys. Rev. C \textbf{81}, 025807 ",
year = "2010"
}

@Article{Kopeikin2004,
author = "{V. I. Kopeikin, L. A. Mikaelyan, and V. V. Sinev}",
title = "{Reactor as a Source of Antineutrinos: Thermal Fission Energy}",
journal = "Physics of Atomic Nuclei",
year = "\textbf{67}, issue 10, 1892-1899, 2004"
}

@Article{Kossov2002,
author = "{M.V. Kossov}",
title = "{Approximation of photonuclear interaction cross-sections}",
journal = "{Eur. Phys. J. A}",
year = "\textbf{14}, Issue 3, 377, 2002"
}

@misc{Liu2013,
author = "{Ying-Biao Liu et al.}",
title = "{Onsite data processing and monitoring for the Daya Bay Experiment}",
howpublished="{\href{http://arxiv.org/abs/1406.2104}{\textit{arXiv:1406.2104}}}",
year = "2013"
}

@Article{Luu2006,
author = "{Thomas Luu and Christian Hagmann}",
title = "{Neutron Production by Muon Spallation I: Theory}",
journal = "UCRL-TR-226323",
year = "2006",
note="{DOI: 10.2172/900172}"
}

@Article{Ma2010,
author = "{Lie-Hua Ma et al.}",
title = "{A Study of RPC Gas Composition using Daya Bay RPCs}",
journal = "Chinese Phys. C",
year = "\textbf{34}, 1116-1121, 2010"
}

@Article{Ma2011,
author = "{Lie-Hua Ma et al.}",
title = "{The mass production and quality control of RPCs for the Daya Bay Experiment}",
journal = "Nucl. Instrum. Meth. A",
year = "\textbf{659} (2011) 154-160, 2011"
}

@Article{Malgin2008,
author = "A. S. Malgin and O. G. Ryazhskaya",
title = "Neutrons from {M}uons {U}nderground",
journal = "Physics of Atomic Nuclei",
year = "\textbf{71}, No. 10, 1769, 2008"
}

@misc{Mei2006,
  author={D.-M. Mei and A. Hime},
  title="{Muon-induced background study for underground laboratories}",
  howpublished={\textit{Phys. Rev. D}, \textbf{73}, 053004},
  year={2006}
}

@misc{Mikaelyan2000,
  author="{L. A. Mikaelyan and V. V. Sinev}",
  title="{Neutrino oscillations at reactors: What next?}",
  howpublished="{\textit{Phys. Atom. Nucl.}}",
  year={\textbf{63}, 1002, 2000}
}

@Article{Ning2013,
author = "{Z. Ning et al.}",
title = "{Calibration algorithms of RPC detectors at Daya Bay Neutrino Experiment}",
journal = "JINST",
year = "\textbf{8}, T03007, 2013"
}

@Article{Olive2014,
author = "{K. A. Olive et al. (Particle Data Group)}",
title = "{The Review of Particle Physics}",
journal = "Chin. Phys. C",
year = "\textbf{38}, 090001, 2014"
}

@misc{oum,
	title = "{Daya Bay Offline User Manual}",
  howpublished={\href{http://dayabay.bnl.gov/oum/}{http://dayabay.bnl.gov/oum/}}
}

@Article{Pontecorvo1957,
	author = "{B. Pontecorvo}",
	title = "{Mesonium and anti-mesonium}",
  journal = "{Sov. Phys. JETP}",
  year="{\textbf{6}, 429, 1957}"
}

@Article{Riegler2002,
author = "{Werner Riegler, Daniel Burgarth}",
title = "{Signal propagation, termination, crosstalk and losses in resistive plate chambers}",
journal = "Nucl. Instrum. Meth. A",
year = "\textbf{481} (2002) 130â€“143, 2002"
}

@Article{Santonico1981,
author = "R. Santonico and R. Cardarelli",
title = "Development of {R}esistive {P}late {C}ounters",
journal = "Nucl. Instr. Meth. Phys. Res.",
year = "\textbf{187}, 377-380, 1981"
}

@misc{SubmittingPDSFJobs,
	title="{SUBMITTING PDSF JOBS}",
	howpublished = "\small \url{https://www.nersc.gov/users/computational-systems/pdsf/using-the-sge-batch-system/submitting-jobs/}\normalsize"
}

@Article{Valle2006,
author = "{J. W. F. Valle}",
title = "{Neutrino physics overview}",
journal = "Journal of Physics: Conference Series",
year = "\textbf{53}: 473, 2006"
}

@misc{VME1985,
	title = "{VMEbus Specification Manual}",
  year={1985},
  note="{\href{https://www.mpp.mpg.de/~huber/vme/vmebus.pdf}{\\https://www.mpp.mpg.de/\textasciitilde huber/vme/vmebus.pdf}}"
}

@Article{Vogel1989,
author = "{P. Vogel and J. Engel}",
title = "{Neutrino electromagnetic form factors}",
journal = "Phys. Rev. D",
year = "\textbf{39}, issue 11, 3378, 1989"
}

@Article{Vogel1999,
author = "{P. Vogel and J. F. Beacom}",
title = "{Angular distribution of neutron inverse beta decay, $\bar{\nu}_e+p\rightarrow e^++n$}",
journal = "Phys. Rev. D",
year = "\textbf{60}, 053003, 1999"
}

@misc{Wang2001,
  author="{Y.-F. Wang et al.}",
  title="{Predicting neutron production from cosmic-ray muons}",
  howpublished={\textit{Phys. Rev. D}, \textbf{64}, 013012},
  year={2001}
}

@Article{Wen2006,
author = "{Liangjian Wen, Jun Cao, Kam-Biu Luk, Yuqian Ma, Yifang Wang, Changgen Yang}",
journal = "Nucl. Instrum. Meth. A564 (2006) 471-474",
year = "2006"
}

@Article{Xu2011,
author = "{Ji-Lei Xu et al.}",
title = "{Design and preliminary test results of Daya Bay RPC modules}",
journal = "Chinese Phys. C",
year = "\textbf{35}, 844, 2011"
}

@misc{Zatsepin1965,
  author="{G. T. Zatsepin and O. G. Ryazhskaya}",
  title="{Calculation on neutron generation by muons for deep underground}",
  howpublished={\textit{Izv. Akad. Nauk SSSR, Ser. Fiz.}, \textbf{29}, 1946},
  year={1965}
}

@Article{ZhangJiawen2007,
author = "{Jiawen Zhang et al.}",
title = "{The design and mass production on Resistive Plate Chambers for the BESIII experiment}",
journal = "Nucl. Instrum. Meth. A",
year = "\textbf{580} (2007) 1250â€“1256, 2007"
}

@Article{Zhang2007,
author = "{Qingmin Zhang et al.}",
title = "{An underground cosmic-ray detector made of RPC}",
journal = "Nucl. Instrum. Meth. A",
year = "\textbf{583}, 278-284, 2007"
}