@BOOK{Smith:2012qr,
	title = {{B}ook {T}itle},
	publisher = {Publisher},
	author = {Smith, J.~M. and Jones, A.~B.},
	year = {2012},
	edition = {7th},
}

@ARTICLE{Smith:2013jd,
	author = {Jones, A.~B. and Smith, J.~M.},
	title = {{A}rticle {T}itle},
	journal = {Journal title},
	year = {2013},
	volume = {13},
	pages = {123-456},
	number = {52},
	month = {March},
	publisher = {Publisher}
}

@misc{Patterson:2016_1,
  title = {A request for a short run in $\bar{\nu}$ mode},
  author = {Ryan Patterson},
  journal = {NOvA internal document},
  howpublished = {\url{http://nova-docdb.fnal.gov:8080/cgi-bin/ShowDocument?docid=15361}}
}

@article{NOvA:2016_1,
  title = {{First measurement of muon-neutrino disappearance in NOvA}},
  author = {{P. Adamson et al. (NOvA Collaboration)}},
  journal = {{Phys. Rev. D 93, 051104(R)}},
  year = {2016}
}

@article{NOvA:2016_2,
  title = {{First Measurement of Electron Neutrino Appearance in NOvA}},
  author = {{P. Adamson et al. (NOvA Collaboration)}},
  journal = {{Phys. Rev. Lett. 116, 151806}},
  year = {2016}
}

@misc{Wolcott:2016_1,
  title = {{GENIE central value tune and uncertainties for Second Analysis}},
  author = {{J. Wolcott, H. Gallagher, T. Olson, and T. Mann}},
  journal = {NOvA internal document},
  howpublished = {\url{http://nova-docdb.fnal.gov:8080/cgi-bin/ShowDocument?docid=15214}}
}

@misc{Zeller:2015_1,
  title = {{Neutrino Cross Section Measurements}},
  author = {{G.P. Zeller}},
  journal = {{Particle Data Group}},
  howpublished = {\url{http://pdg.lbl.gov/2015/reviews/rpp2015-rev-nu-cross-sections.pdf}}
}

@misc{Bashar:2016_1,
  title = {{Evidence for 2p2h in Visible Hadronic Energy of NOvA Antineutrino Charged Current Scattering}},
  author = {{S. Bashar, T. Olson, and T. Mann}},
  journal = {{NOvA internal document}},
  howpublished = {\url{http://nova-docdb.fnal.gov:8080/cgi-bin/ShowDocument?docid=15991}}
}